@book{ml-book,
  title     = {Machine Learning: The Basics},
  author    = {Alexander Jung},
  url       = {https://alexjungaalto.github.io/MLBasicsBook.pdf},
  publisher = {Springer, Singapore},
  year      = {2022}
}

@article{MI-score,
  title     = {Estimating mutual information},
  volume    = {69},
  issn      = {1550-2376},
  url       = {http://dx.doi.org/10.1103/PhysRevE.69.066138},
  doi       = {10.1103/physreve.69.066138},
  number    = {6},
  journal   = {Physical Review E},
  publisher = {American Physical Society (APS)},
  author    = {Kraskov, Alexander and St√∂gbauer, Harald and Grassberger, Peter},
  year      = {2004},
  month     = {6}
}

@misc{dataset-source,
  author = {Choon Lin Tan},
  title  = {Phishing Dataset for Machine Learning: Feature Evaluation},
  year   = {2018},
  url    = {https://data.mendeley.com/datasets/h3cgnj8hft/1},
  note   = {Accessed: 2024-09-20}
}

@article{CHIEW2019153,
  title    = {A new hybrid ensemble feature selection framework for machine learning-based phishing detection system},
  journal  = {Information Sciences},
  volume   = {484},
  pages    = {153-166},
  year     = {2019},
  issn     = {0020-0255},
  doi      = {10.1016/j.ins.2019.01.064},
  url      = {https://www.sciencedirect.com/science/article/pii/S0020025519300763},
  author   = {Kang Leng Chiew and Choon Lin Tan and KokSheik Wong and Kelvin S.C. Yong and Wei King Tiong},
  keywords = {Phishing detection, Feature selection, Machine learning, Ensemble-based, Classification, Phishing dataset},
  abstract = {This paper proposes a new feature selection framework for machine learning-based phishing detection systems, called the Hybrid Ensemble Feature Selection (HEFS)...}
}

@article{problem-dimension,
  author   = {Trunk, G. V.},
  journal  = {IEEE Transactions on Pattern Analysis and Machine Intelligence},
  title    = {A Problem of Dimensionality: A Simple Example},
  year     = {1979},
  volume   = {PAMI-1},
  number   = {3},
  pages    = {306-307},
  keywords = {Parameter estimation;Reactive power;Error analysis;Covariance matrix;Probability;Pattern recognition;Testing;Detectors;Correlators;Gaussian distribution;Dimensionality},
  doi      = {10.1109/TPAMI.1979.4766926}
}

@article{SAHINGOZ2019345,
  title    = {Machine learning based phishing detection from URLs},
  journal  = {Expert Systems with Applications},
  volume   = {117},
  pages    = {345-357},
  year     = {2019},
  issn     = {0957-4174},
  doi      = {https://doi.org/10.1016/j.eswa.2018.09.029},
  url      = {https://www.sciencedirect.com/science/article/pii/S0957417418306067},
  author   = {Ozgur Koray Sahingoz and Ebubekir Buber and Onder Demir and Banu Diri},
  keywords = {Cyber security, Phishing attack, Machine learning, Classification algorithms, Cyber attack detection}
}

@article{gini-formula,
  author  = {Jost, Lou},
  title   = {Entropy and diversity},
  journal = {Oikos},
  volume  = {113},
  number  = {2},
  pages   = {363-375},
  doi     = {https://doi.org/10.1111/j.2006.0030-1299.14714.x},
  url     = {https://nsojournals.onlinelibrary.wiley.com/doi/abs/10.1111/j.2006.0030-1299.14714.x},
  year    = {2006}
}

@misc{data-source,
  author  = {Choon Lin Tan},
  url     = {https://data.mendeley.com/datasets/h3cgnj8hft/1},
  title   = {Phishing Dataset for Machine Learning: Feature Evaluation},
  year    = {2018},
  urldate = {2024-10-02}
}

@misc{RF-scikit-learn,
  author  = {Scikit-Learn},
  url     = {https://scikit-learn.org/stable/modules/generated/sklearn.ensemble.RandomForestClassifier.html},
  title   = {Random Forest Classifier},
  urldate = {2024-10-02}
}